% A

@Book{aroyo2016,
  year = "2016",
  title = "International Tables for Crystallography Volume A: Space-group symmetry",
  publisher = {John Wiley \& Sons, Inc.},
  address = {New York, NY, USA},
  doi = "10.1107/97809553602060000114",
  url = "https://doi.org/10.1107/97809553602060000114",
  editor = "Mois I. Aroyo",
}

% B

@Article{barill2018fast,
  title = "Fast winding numbers for soups and clouds",
  author = "Gavin Barill and Neil G. Dickson and Ryan Schmidt and David I. W. Levin and Alec Jacobson",
  journal = "ACM Transactions on Graphics",
  volume = "37",
  number = "4",
  pages = "1--12",
  month = jul,
  year = "2018",
  doi = "10.1145/3197517.3201337",
  url = "https://doi.org/10.1145/3197517.3201337",
}

% C

@misc{chen2022systems,
  author = "Ruiqi Chen and Hardik Kabaria",
  year = "2022",
  title = "Systems and methods for constructing lattice objects for additive manufacturing",
  note = "Patent Application No. WO2022212472A1, Filed March 30, 2022, Published October 6, 2022",
  url = "https://patents.google.com/patent/WO2022212472A1",
  month = mar,
}

% D

% E

% F

% G

% H

@Article{         harris2020array,
 title         = {Array programming with {NumPy}},
 author        = {Charles R. Harris and K. Jarrod Millman and St{\'{e}}fan J.
                 van der Walt and Ralf Gommers and Pauli Virtanen and David
                 Cournapeau and Eric Wieser and Julian Taylor and Sebastian
                 Berg and Nathaniel J. Smith and Robert Kern and Matti Picus
                 and Stephan Hoyer and Marten H. van Kerkwijk and Matthew
                 Brett and Allan Haldane and Jaime Fern{\'{a}}ndez del
                 R{\'{i}}o and Mark Wiebe and Pearu Peterson and Pierre
                 G{\'{e}}rard-Marchant and Kevin Sheppard and Tyler Reddy and
                 Warren Weckesser and Hameer Abbasi and Christoph Gohlke and
                 Travis E. Oliphant},
 year          = {2020},
 month         = sep,
 journal       = {Nature},
 volume        = {585},
 number        = {7825},
 pages         = {357--362},
 doi           = {10.1038/s41586-020-2649-2},
 publisher     = {Springer Science and Business Media {LLC}},
 url           = {https://doi.org/10.1038/s41586-020-2649-2}
}

% I

% J

% K

% L

% M

% N

% O

% P

% Q

% R

% S

% T

% U

% V

@ARTICLE{virtanen2020scipy,
  author  = {Virtanen, Pauli and Gommers, Ralf and Oliphant, Travis E. and
            Haberland, Matt and Reddy, Tyler and Cournapeau, David and
            Burovski, Evgeni and Peterson, Pearu and Weckesser, Warren and
            Bright, Jonathan and {van der Walt}, St{\'e}fan J. and
            Brett, Matthew and Wilson, Joshua and Millman, K. Jarrod and
            Mayorov, Nikolay and Nelson, Andrew R. J. and Jones, Eric and
            Kern, Robert and Larson, Eric and Carey, C J and
            Polat, {\.I}lhan and Feng, Yu and Moore, Eric W. and
            {VanderPlas}, Jake and Laxalde, Denis and Perktold, Josef and
            Cimrman, Robert and Henriksen, Ian and Quintero, E. A. and
            Harris, Charles R. and Archibald, Anne M. and
            Ribeiro, Ant{\^o}nio H. and Pedregosa, Fabian and
            {van Mulbregt}, Paul and {SciPy 1.0 Contributors}},
  title   = {{{SciPy} 1.0: Fundamental Algorithms for Scientific
            Computing in Python}},
  journal = {Nature Methods},
  year    = {2020},
  volume  = {17},
  pages   = {261--272},
  adsurl  = {https://rdcu.be/b08Wh},
  doi     = {10.1038/s41592-019-0686-2},
}

% W

@Article{wohlgemuth2001triply,
  title = "Triply periodic bicontinuous cubic microdomain morphologies by symmetries",
  author = "Meinhard Wohlgemuth and Nataliya Yufa and James Hoffman and Edwin L. Thomas",
  journal = "Macromolecules",
  volume = "34",
  number = "17",
  pages = "6083--6089",
  month = jul,
  year = "2001",
  doi = "10.1021/ma0019499",
  url = "https://doi.org/10.1021/ma0019499",
}

% X

% Y

% Z
